<record><leader>00000cas a22000007a 4500</leader><controlfield tag="001">17989582</controlfield><controlfield tag="008">880523d18801884ohuwr ne      0    0eng d</controlfield><datafield ind1=" " ind2=" " tag="010"><subfield code="a">sn 88078583 </subfield></datafield><datafield ind1=" " ind2=" " tag="040"><subfield code="a">ONP</subfield><subfield code="b">eng</subfield><subfield code="c">ONP</subfield><subfield code="d">OCLCQ</subfield></datafield><datafield ind1=" " ind2=" " tag="042"><subfield code="a">msc</subfield></datafield><datafield ind1="0" ind2=" " tag="130"><subfield code="a">Rock Creek banner (Rock Creek, Ohio : 1880)</subfield></datafield><datafield ind1="1" ind2="0" tag="245"><subfield code="a">Rock Creek banner.</subfield></datafield><datafield ind1=" " ind2=" " tag="260"><subfield code="a">Rock Creek, Ashtabula Co., O. [Ohio] :</subfield><subfield code="b">A.R. Woolsey,</subfield><subfield code="c">1880-</subfield></datafield><datafield ind1=" " ind2=" " tag="300"><subfield code="a">v.</subfield></datafield><datafield ind1=" " ind2=" " tag="310"><subfield code="a">Weekly</subfield></datafield><datafield ind1="0" ind2=" " tag="362"><subfield code="a">Vol. 2, no. 22 (Mar. 3, 1880)-</subfield></datafield><datafield ind1="1" ind2=" " tag="362"><subfield code="a">Ceased in 1884?</subfield></datafield><datafield ind1=" " ind2=" " tag="752"><subfield code="a">United States</subfield><subfield code="b">Ohio</subfield><subfield code="c">Ashtabula</subfield><subfield code="d">Rock Creek.</subfield></datafield><datafield ind1="0" ind2="0" tag="780"><subfield code="t">Weekly welcome (Orwell, Ohio)</subfield><subfield code="w">(DLC)sn 88078584</subfield></datafield><datafield ind1="0" ind2="0" tag="785"><subfield code="t">Buckeye banner (Rock Creek, Ohio)</subfield><subfield code="w">(DLC)sn 90068936</subfield></datafield></record>